%% esempio di file di bibtex per tesi
%% MG: first version, Sept 2018
%% MG: this version, Spet 2018




@article{birch_1981,
  title={Who creates jobs},
  author={Birch, David L},
  journal={Public Interest},
  volume={65},
  number={},
  pages={3--14},
  year={1981},
  optpublisher={NATL AFFAIRS INC 1112 16TH ST NW, SUITE 530, WASHINGTON, DC 20036}
}


@ARTICLE{davis_haltiwanger_1992,
AUTHOR={Davis, Steven J. and Haltiwanger, John},
TITLE={Gross Job Creation, Gross Job Destruction, and Employment Reallocation},
JOURNAL={Quarterly Journal of Economics},
YEAR={1992},
VOLUME={107},
OPTNUMBER={1},
PAGES={819-863},
OPTMONTH={Feb},
OPTNOTE={}
}


@Book{davis_etal_1996,
author = {Steven J. Davis and John C. Haltiwanger and Scott Schuh},
ALTeditor = {},
title = {Job Creation and Destruction},
publisher = {MIT Press: Cambridge, MA},
year = {1996},
OPTkey = {},
OPTvolume = {},
OPTnumber = {},
OPTseries = {},
OPTaddress = {},
OPTedition = {},
OPTmonth = {},
OPTnote = {},
OPTannote = {}
}


@TECHREPORT{davis_haltiwanger_1995,
AUTHOR={Davis, Steven J. and Haltiwanger, John},
TITLE={Employer Size and The Wage Structure in {U}.{S}. Manufacturing},
YEAR=1995,
MONTH=Dec,
INSTITUTION={National Bureau of Economic Research, Inc},
TYPE={{N}{B}{E}{R} Working Papers},
OPTNOTE={available at http://ideas.repec.org/p/nbr/nberwo/5393.html},
OPTNUMBER={5393}
}
